% This file was created with JabRef 2.10.
% Encoding: UTF-8


@Misc{CS231nCNN,
  Title                    = {Convolutional Neural Networks},

  Author                   = {\mbox{CS231n}},
  HowPublished             = {Website},
  Year                     = {n.d.},

  Timestamp                = {2018.01.22},
  Url                      = {http://cs231n.github.io/convolutional-networks/}
}

@Misc{Deeplearning4j2017,
  Title                    = {Comparing Top Deep Learning Frameworks: Deeplearning4j, PyTorch, TensorFlow, Caffe, Keras, MxNet, Gluon \& CNTK},

  Author                   = {\mbox{Deeplearning4j}},
  HowPublished             = {Website},
  Year                     = {2017},

  Timestamp                = {2018.01.22},
  Url                      = {https://deeplearning4j.org/compare-dl4j-tensorflow-pytorch}
}

@Misc{,
  Title                    = {Google Protocol Buffers},

  Author                   = {\mbox{Google}},
  HowPublished             = {Website},
  Year                     = {n.d.},

  Timestamp                = {2018.01.22},
  Url                      = {https://developers.google.com/protocol-buffers/}
}

@Misc{NVIDIA-MichaelCopeland2016,
  Title                    = {Whatâ€™s the Difference Between Artificial Intelligence, Machine Learning, and Deep Learning?},

  Author                   = {\mbox{NVIDIA - Michael Copeland}},
  HowPublished             = {Website},
  Year                     = {2016},

  Timestamp                = {2018.01.22},
  Url                      = {https://blogs.nvidia.com/blog/2016/07/29/whats-difference-artificial-intelligence-machine-learning-deep-learning-ai/}
}

@Misc{,
  Title                    = {A Tool Developer's Guide to TensorFlow Model Files},

  Author                   = {\mbox{TensorFlow}},
  HowPublished             = {Website},
  Year                     = {2017},

  Timestamp                = {2018.01.22},
  Url                      = {https://www.tensorflow.org/extend/tool_developers/}
}

@Article{Butler2017,
  Title                    = {Implementation of a TensorFlow Convolutional Neural Network to Discriminate Similar Gene Functions},
  Author                   = {Rory Butler and Ralph Butler and Chrisila Pettey},
  Year                     = {2017},

  File                     = {:Literatur/ICA3120.pdf:PDF},
  Timestamp                = {2018.01.22}
}

@Article{Hsu,
  Title                    = {Using Convolutional Neural Networks to Classify Dog Breeds},
  Author                   = {David Hsu},
  Year                     = {n.d.},

  File                     = {:Literatur/fcdh_FinalReport.pdf:PDF},
  Timestamp                = {2018.01.22}
}

@Article{Kovalev,
  Title                    = {Deep Learning with Theano, Torch, Caffe, Tensorflow, and Deeplearning4J: Which One is the Best in Speed and Accuracy?},
  Author                   = {Vassili Kovalev and Alexander Kalinovsky and Sergey Kovalev},
  Year                     = {n.d.},

  File                     = {:Literatur/Kovalev_Kalinovsky_Kovalev.pdf:PDF},
  Timestamp                = {2018.01.22}
}

@Article{Liu,
  Title                    = {Dog Breed Classification Using Part Localization},
  Author                   = {Jiongxin Liu and Angjoo Kanazawa and David Jacobs and Peter Belhumeur},
  Year                     = {n.d.},

  File                     = {:Literatur/eccv2012_dog_final.pdf:PDF},
  Timestamp                = {2018.01.22}
}

@Article{Parkhi,
  Title                    = {Cats and Dogs},
  Author                   = {Omkar M Parkhi and Andrea Vedaldi and Andrew Zisserman and C. V. Jawahar},
  Year                     = {n.d.},

  File                     = {:Literatur/parkhi12a.pdf:PDF},
  Timestamp                = {2018.01.22}
}

@Article{Stutz2015,
  Title                    = {Understanding Convolutional Neural Networks},
  Author                   = {David Stutz},
  Year                     = {2015},

  File                     = {:Literatur/seminar.pdf:PDF},
  Timestamp                = {2018.01.22}
}

@Misc{,
  Title                    = {How to Retrain Inception's Final Layer for New Categories},

  Author                   = {TensorFlow},
  HowPublished             = {Website},
  Year                     = {2017},

  Timestamp                = {2018.01.22},
  Url                      = {https://www.tensorflow.org/tutorials/image_retraining}
}

@Article{Thom2017,
  Title                    = {Analysis and Optimization of Convolutional Neural Network Architectures},
  Author                   = {Martin Thoma},
  Year                     = {2017},

  File                     = {:Literatur/1707.09725.pdf:PDF},
  Timestamp                = {2018.01.22}
}

@Misc{,
  Title                    = {Top 10 Deep Learning Frameworks},

  Author                   = {Amey Varangaonkar},
  HowPublished             = {Website},
  Year                     = {2017},

  Timestamp                = {2018.01.22},
  Url                      = {https://datahub.packtpub.com/deep-learning/top-10-deep-learning-frameworks/}
}

@Article{Wang,
  Title                    = {Locality-constrained Linear Coding for Image Classification},
  Author                   = {Jinjun Wang and Jianchao Yang and Kai Yu and Fengjun Lv and Thomas Huang and Yihong Gong},
  Year                     = {n.d.},

  File                     = {:Literatur/CVPR10-LLC.pdf:PDF},
  Timestamp                = {2018.01.22}
}

@Book{Wick2017,
  Title                    = {Deep Learning},
  Author                   = {Christoph Wick},
  Year                     = {2017},

  File                     = {:Literatur/s00287-016-1013-2.pdf:PDF},
  Timestamp                = {2018.01.22}
}

